% Encoding: UTF-8


@Manual{abnTeX22014b,
Title                    = {A classe abntex2},
Author                   = {abnTeX2 and Lauro C\'{e}sar Araujo},
Organization             = {Equipe abnTeX2},
Year                     = {2014},

Bdsk-url-1               = {http://code.google.com/p/abntex2/wiki/Download},
Pages                    = {46},
Subtitle                 = {Documentos t\'{e}cnicos e cient\'{i}ficos brasileiros compat\'{i}veis com as normas ABNT},
Timestamp                = {2014.09.27},
Url                      = {http://abntex2.googlecode.com/},
Urlaccessdate            = {12 de setembro de 2014}
}

@Manual{abnTeX22014d,
  Title                    = {O pacote abntex2cite},
  Author                   = {abnTeX2 and Lauro C\{\textquoteright}{e}sar Araujo},
Organization             = {Equipe abnTeX2},
Year                     = {2014},

Bdsk-url-1               = {http://code.google.com/p/abntex2/wiki/Download},
Pages                    = {91},
Subtitle                 = {Estilos bibliogr\'{a}ficos compat\'{i}veis com a ABNT NBR 6023},
Timestamp                = {2014.09.27},
Url                      = {http://abntex2.googlecode.com/},
Urlaccessdate            = {12 de setembro de 2014}
}

@Manual{abnTeX22014c,
Title                    = {O pacote abntex2cite},
Author                   = { Lauro C\'{e}sar Araujo and abnTeX2 },
Organization             = {Equipe abnTeX2},
Year                     = {2014},

Bdsk-url-1               = {http://code.google.com/p/abntex2/wiki/Download},
Pages                    = {23},
Subtitle                 = {T\'{o}picos espec\'{i}ficos da ABNT NBR 10520:2002 e o estilo bibliogr\'{a}fico alfab\'{e}tico (sistema autor-data)},
Timestamp                = {2014.09.27},
Url                      = {http://abntex2.googlecode.com/},
Urlaccessdate            = {12 de setembro de 2014}
}

@Book{Barbosa2004,
  Title                    = {Testando a utiliza{\c c}\~ao de ``et al.''},
  Author                   = {Carlos Barbosa and {Maria da} Silva Cardoso and {Tenitos da} Silva and Carminda Soares},
  Publisher                = {Editora},
  Year                     = {2004},

  Address                  = {Cidade},
  Edition                  = {2},

  Page                     = {5},
  Timestamp                = {2014.09.24}
}

@Misc{BibTeX2014,
  Title                    = {BibTeX.org},

  Author                   = {BibTeX},
  Year                     = {2014},

  Timestamp                = {2014.09.27},
  Url                      = {http://www.bibtex.org},
  Urlaccessdate            = {31 de julho de 2014}
}

@Book{Buerger1989,
Title                    = {LaTeX for scientists and engineers},
Author                   = {Buerger, David John},
Publisher                = {McGraw-Hill},
Year                     = {1989},

Address                  = {Singapura},

Timestamp                = {2014.09.27}
}
{Carvalho2001,
Title                    = {Intelig{\^e}ncia competitiva numa vis\~ao de futuro},
Author                   = {Cl\{\textquoteright}{a}udia Carvalho and Jos\'{e} Fajardo and Joaquim Cruz},
Journal                  = {DataGramaZero - Revista da Ci{\^e}ncia da Informa{\c c}\~ao},
Year                     = {2001},
Number                   = {3},
Pages                    = {12--16},
Volume                   = {2},

Mounth                   = {junho},
Subtitle                 = {proposta metodol\'{o}gica},
Timestamp                = {2014.09.27}
}

@Book{Goossens2007,
  Title                    = {The LaTeX graphics companion},
  Author                   = {Goossens, Michel and Mittelbach, Frank and Rahtz, Sebastian and Roegel, Denis and Voss, Herbert},
  Publisher                = {Addison-Wesley},
  Year                     = {2007},

  Address                  = {Boston},
  Edition                  = {2},

  Timestamp                = {2014.09.27}
}

@Misc{IRL2014,
  Title                    = {Internet Research Laboratory},

  Author                   = {IRL},
  Year                     = {2014},

  Key                      = {IRL},
  Timestamp                = {2014.09.24},
  Url                      = {http://irl.cs.ucla.edu/topology},
  Urlaccessdate            = {8 de mar{\c c}o de 2014}
}

@Book{Kopka2003,
  Title                    = {Guide to LaTeX},
  Author                   = {Kopka, Helmut and Daly, Patrick W.},
  Publisher                = {Addison-Wesley},
  Year                     = {2003},

  Address                  = {Boston},
  Edition                  = {4},

  Timestamp                = {2014.09.27}
}

@Book{Lamport1986,
  Title                    = {LaTeX: a document preparation system},
  Author                   = {Lamport, Leslie},
  Publisher                = {Addison-Wesley},
  Year                     = {1986},

  Address                  = {Boston},

  Timestamp                = {2014.09.27}
}

@Misc{LaTeX2014,
  Title                    = {The LaTeX project},

  Author                   = {LaTeX},
  Year                     = {2014},

  Timestamp                = {2014.09.27},
  Url                      = {http://www.latex-project.org},
  Urlaccessdate            = {31 de julho de 2014}
}

@Book{Maturana2003,
Title                    = {A \'{A}rvore do Conhecimento},
Author                   = {Humberto R. Maturana and Francisco J. Varela},
Publisher                = {Editora Palas Athena},
Year                     = {2003},

Address                  = {S\~ao Paulo},
Edition                  = {3},

Page                     = {283},
Subtitle                 = {as bases biol\'{o}gicas da compreens\~{a}o humana},
Timestamp                = {2014.09.27}
}

@Book{Mittelbach2004,
  Title                    = {The LaTeX companion},
  Author                   = {Mittelbach, Frank and Goossens, Michel and Braams, Johannes and Carlisle, David and Rowley, Chris},
  Publisher                = {Addison-Wesley},
  Year                     = {2004},

  Address                  = {Boston},
  Edition                  = {2},

  Timestamp                = {2014.09.27}
}

@PhdThesis{Neubert2001,
Title                    = {Algoritmos Distribu\'{i}dos para a Constru{\c c}\~ao de Arquivos Invertidos},
Author                   = {Marden Silveira Neubert},
School                   = {Departamento de Computa{\c c}\~ao, Universidade Federal de Minas Gerais},
Year                     = {2001},

Address                  = {Belo Horizonte},
Type                     = {Doutorado em Ci{\^e}ncia da Computa{\c c}\~ao},

Pagename                 = {f.},
Pages                    = {145},
Timestamp                = {2014.09.26},
Year-presented           = {Mar{\c c}o 2001}
}

@MastersThesis{Santos2003,
Title                    = {Aspectos Conceituais e Arquiteturais para a Cria{\c c}\~ao de Linhagens de Agentes de Software Cognitivos e Situados},
Author                   = {Bruno Andr\'{e} Santos},
School                   = {Centro Federal de Educa{\c c}\~ao Tecnol\'{o}gica de Minas Gerais},
Year                     = {2003},

Address                  = {Belo Horizonte},
Type                     = {Mestrado em Tecnologia -- Nome da \'{a}rea de concentra{\c c}\~ao},

Key                      = {intelig{\^e}ncia artificial, agentes inteligentes, cogni{\c c}\~ao situada},
Pagename                 = {f.},
Pages                    = {130},
Timestamp                = {2014.09.26},
Year-presented           = {Junho 2003}
}

@Book{Silva2000,
Title                    = {A Intelig{\^e}ncia da Complexidade},
Author                   = {Silva, Joaquim and Souza, Jo\~ao {Luiz de}},
Publisher                = {Editora Petr\'{o}polis},
Year                     = {2000},

Address                  = {S\~ao Paulo},

Timestamp                = {2014.09.24}
}

@MastersThesis{Souza2012,
Title                    = {Recupera{\c c}\~ao de V\'{i}deos Baseada em Conte\'{u}do em um Sistema de Informa{\c c}\~ao para Apoio \`{a} An\'{a}lise do Discurso Televisivo},
Author                   = {Celso {Luiz de} Souza},
School                   = {Centro Federal de Educa{\c c}\~ao Tecnol\'{o}gica de Minas Gerais},
Year                     = {2012},

Address                  = {Belo Horizonte},
Type                     = {Mestrado em Modelagem Matem\'{a}tica e Computacional -- Sistemas Inteligentes},

Pagename                 = {f.},
Pages                    = {130},
Timestamp                = {2014.09.26},
Year-presented           = {Outubro 2011}
}

@Article{vanGELDER1998,
  Title                    = {Disentangling Dynamics, Computation and Cognition},
  Author                   = {Tim {van GELDER}},
  Journal                  = {Behavioral and Brain Sciences},
  Year                     = {1998},
  Pages                    = {40--47},
  Volume                   = {21},

  Key                      = {cognitive science, digital computer, dynamical hypothesis, dynamical system},
  Timestamp                = {2014.09.26}
}

@Manual{NBR14724:2011,
  Title                    = {{ABNT NBR} 14724},

  Address                  = {Rio de Janeiro},
  Month                    = mar,
  Organization             = {Associa{\c c}\~ao Brasileira de Normas T\'ecnicas},
  Year                     = {2011},

  Org-short                = {ABNT},
  Pages                    = {11},
  Subtitle                 = {Informa{\c c}\~ao e documenta{\c c}\~ao --- Trabalhos acad\^emicos --- Apresenta{\c c}\~ao},
  Timestamp                = {2014.09.27}
}

@Manual{NBR15287:2005,
  Title                    = {{ABNT NBR} 15287},

  Address                  = {Rio de Janeiro},
  Month                    = {dez.},
  Organization             = {Associa{\c c}\~ao Brasileira de Normas T\'ecnicas},
  Year                     = {2005},

  Org-short                = {ABNT},
  Pages                    = {6},
  Subtitle                 = {Informa{\c c}\~ao e documenta{\c c}\~ao --- Projeto de pesquisa --- Apresenta{\c c}\~ao},
  Timestamp                = {2014.09.27}
}

@Manual{NBR10520:2002,
  Title                    = {{NBR} 10520},

  Address                  = {Rio de Janeiro},
  Month                    = {ago.},
  Organization             = {Associa{\c c}\~ao Brasileira de Normas T\'ecnicas},
  Year                     = {2002},

  Org-short                = {ABNT},
  Pages                    = {7},
  Subtitle                 = {Informa{\c c}\~ao e documenta{\c c}\~ao --- Cita{\c c}\~oes em documentos --- Apresenta{\c c}\~ao},
  Timestamp                = {2014.09.27}
}

@Manual{NBR6023:2002,
  Title                    = {{NBR} 6023},

  Address                  = {Rio de Janeiro},
  Month                    = {ago.},
  Organization             = {Associa{\c c}\~ao Brasileira de Normas T\'ecnicas},
  Year                     = {2002},

  Org-short                = {ABNT},
  Pages                    = {24},
  Subtitle                 = {Informa{\c c}\~ao e documenta{\c c}\~ao --- Refer\^encias --- Elabora{\c c}\~ao},
  Timestamp                = {2014.09.27}
}

% Referências utilizadas %
@Article{Fielding2000,
  author    = {Roy Thomas Fielding},
  title     = {Architectural Styles and the Design of Network-based Software Architectures},
  year      = {2000},
  timestamp = {2019-04-30},
  url       = {https://www.ics.uci.edu/~fielding/pubs/dissertation/top.htm},
}

@book{guedes2018uml,
  title={UML 2 - Uma Abordagem Pr{\'a}tica},
  author={Guedes, G.T.A.},
  isbn={9788575226445},
  url={https://books.google.com.br/books?id=mJxMDwAAQBAJ},
  year={2018},
  publisher={Novatec Editora}
}

@book{silberschatz2006sistema,
  title={DatabaseSystem Concepts},
  author={Silberschatz, A. and Korth, H.F. and Sudarshan, S.},
  isbn={9788535211078},
  url={https://books.google.com.br/books?id=Bn7\_GAAACAAJ},
  year={2006},
  publisher={Elsevier}
}

@book{heuser2009projeto,
  title={Projeto de banco de dados: Volume 4 da S{\'e}rie Livros did{\'a}ticos inform{\'a}tica UFRGS},
  author={Heuser, Carlos Alberto},
  year={2009},
  publisher={Bookman Editora}
}

@book{Sommerville10,
  abstract = {The book presents a broad perspective on software systems engineering, concentrating on widely used techniques for developing large-scale systems. Building on the widely acclaimed strengths of the 8th edition, the 9th edition updates readers with the latest developments in the field while remaining the most current Software Engineering text in the market with quality trusted coverage and practical case studies. This text is structured into 6 parts: Introduction; Requirements Engineering; Design; Software Development; Verification and Validation; Management. An up-to-date reference for software engineers.},
  added-at = {2017-05-14T14:19:12.000+0200},
  address = {Harlow, England},
  author = {Sommerville, Ian},
  biburl = {https://www.bibsonomy.org/bibtex/2094b37a4bb8b242d7694cdc9142e0d80/flint63},
  edition = 9,
  file = {eBook:2010/Sommerville10.pdf:PDF;Amazon Search inside:http\://www.amazon.de/gp/reader/0137035152/:URL},
  groups = {public},
  interhash = {3cb472cdd9d5e4f37480b38846de450e},
  intrahash = {094b37a4bb8b242d7694cdc9142e0d80},
  isbn = {978-0-13-703515-1},
  keywords = {01841 105 book shelf software engineering development intro},
  publisher = {Addison-Wesley},
  timestamp = {2018-04-16T12:01:54.000+0200},
  title = {Software Engineering},
  username = {flint63},
  year = 2010
}

@inproceedings{Nielsen:1994:EEP:191666.191729,
  author = {Nielsen, Jakob},
  title = {Enhancing the Explanatory Power of Usability Heuristics},
  booktitle = {Proceedings of the SIGCHI Conference on Human Factors in Computing Systems},
  series = {CHI '94},
  year = {1994},
  isbn = {0-89791-650-6},
  location = {Boston, Massachusetts, USA},
  pages = {152--158},
  numpages = {7},
  url = {http://doi.acm.org/10.1145/191666.191729},
  doi = {10.1145/191666.191729},
  acmid = {191729},
  publisher = {ACM},
  address = {New York, NY, USA},
  keywords = {heuristic evaluation, usability problems},
}

@book{pressman2016engenharia,
title={Engenharia de Software-8{\textordfeminine} Edi{\c{c}}{\~a}o},
author={Pressman, Roger and Maxim, Bruce},
year={2016},
publisher={McGraw Hill Brasil}
}

@book{aniche2014test,
  title={Test-driven development: teste e design no mundo real},
  author={Aniche, Mauricio},
  volume={1},
  year={2014},
  publisher={Editora Casa do C{\'o}digo}
}

@book{myers2004art,
  title={The art of software testing},
  author={Myers, Glenford J and Badgett, Tom and Thomas, Todd M and Sandler, Corey},
  volume={2},
  year={2004},
  publisher={Wiley Online Library}
}

@article{erdogmus2005effectiveness,
  title={On the effectiveness of the test-first approach to programming},
  author={Erdogmus, Hakan and Morisio, Maurizio and Torchiano, Marco},
  journal={IEEE Transactions on software Engineering},
  volume={31},
  number={3},
  pages={226--237},
  year={2005},
  publisher={IEEE}
}

@book{melnik2007empirical,
  title={Empirical analyses of executable acceptance test driven development},
  author={Melnik, Grigori Igorovych},
  volume={68},
  number={11},
  year={2007}
}

@book{de2003sugestao,
  title={Sugest{\~a}o de aduba{\c{c}}{\~a}o e calagem para culturas de interesse econ{\^o}mico no Estado do Paran{\'a}},
  author={de Oliveira, Edson Lima},
  number={128},
  year={2003},
  publisher={Instituto Agron{\^o}mico do Paran{\'a}}
}

@manual {ematerPAMFS,
    author = "EMATER",
    title  = "Programa de Apoio ao Manejo e Fertilidade do Solo",
    month  = "may",
    year   = "2019",
    url    = "http://www.emater.pr.gov.br/modules/conteudo/conteudo.php?conteudo=145"
}

@article{da2012revisao,
  title  = "Revisão sistemática da evolução MVC na base ACM",
  author = "da Silva, Valéria Martins",
  year   = "2012"
}

@manual {ematerAE,
    author = "EMATER",
    title  = "Atuação e Estratégia",
    month  = "may",
    year   = "2019",
    url    = "http://www.emater.pr.gov.br/modules/conteudo/conteudo.php?conteudo=88"
}

@ARTICLE {pagotto2016,
    author  = {"PAGOTTO, Tiago and L'ERARIO, Alexandre and FABRI, José Augusto"},
    title   = "Scrum solo: Processo de software para desenvolvimento individual",
    journal = "LABINOV",
    year    = "2016",
    pages   = "6"
}

@manual {minagri2019,
    author = "Ministério da Agricultura, Pecuária e Abastecimento",
    title  = "Agropecuária Brasileira em Números",
    month  = "feb",
    year   = "2019",
    url    = "http://www.agricultura.gov.br/assuntos/politica-agricola/agropecuaria-brasileira-em-numeros"
}

@MANUAL {ibge2018,
    title   = "Área territorial brasileira",
    author  = "IBGE",
    address = "Rio de Janeiro",
    year    = "2018"
}

@manual {cna2018,
    author = "CNA, Conselho Nacional de Agricultura",
    title  = "Panorama do Agro",
    year   = "2018",
    url    = "https://www.cnabrasil.org.br/cna/panorama-do-agro"
}

@manual {emater2016,
    author = "Emater",
    title  = "Histórico da Extensão Rural Oficial",
    year   = "2016",
    url    = "http://www.emater.pr.gov.br/modules/conteudo/conteudo.php?conteudo=43"
}

@book{bookfa2215c6,
    title   = "Analise de fertilizantes e corretivos",
    author = "Alcarde, José Carlos",
    year = "1985",
    publisher = "Esalq/Fealq"
}

@article{malavolta1980effects,
  title={Effects of excess concentrations of aluminum, chloride and manganese in the nutrient solution on growth and composition of two soybean cultivars},
  author={Malavolta, E and Freitas Jr, E de and Andreola, F and Cavalcante, FS and Solis, FAM and Fernandes, JM and Santos, GA and Bertoloti, G and Cabrini, HM and Carvalho, F{\textordmasculine} and others},
  journal={Anais da Escola Superior de Agricultura Luiz de Queiroz},
  volume={37},
  number={1},
  pages={343--351},
  year={1980},
  publisher={SciELO Brasil}
}

@MANUAL {rossetto,
    author = "Santiago, Antonio Dias and Rossetto, Raffaella",
    title  = "Calagem",
    year   = "2005",
    url    = "https://www.agencia.cnptia.embrapa.br/gestor/cana-de-acucar/arvore/CONTAG01_34_711200516717.html"
}

@MANUAL {klitzkeevan2016,
    title        = "Why Uber Engineering Switched from Postgres to MySQL",
    author       = "Klitzke, Evan",
    organization = "Uber Engineering",
    month        = "jul",
    year         = "2016"
}

@MANUAL {howardalex2011,
    title  = "NASA launches new open government site with open source tools",
    author = "Howard, Alex",
    month  = "jul",
    year   = "2011"
}

@MANUAL {emmottfred2019,
    title        = "HHVM 4.0.0",
    author       = "Emmott, Fred",
    organization = "Facebook Open Source",
    month        = "feb",
    year         = "2019"
}

@MANUAL {otwelltaylor2019,
    title        = "About Laravel",
    author       = "Taylor Otwell",
    organization = "GiHub",
    month        = "may",
    year         = "2019"
}